@inproceedings{vaswani2017attention,
  title={Attention is all you need},
  author={Vaswani, Ashish and Shazeer, Noam and Parmar, Niki and Uszkoreit, Jakob and Jones, Llion and Gomez, Aidan N and Kaiser, {\L}ukasz and Polosukhin, Illia},
  booktitle={Advances in Neural Information Processing Systems},
  pages={6000--6010},
  year={2017}
}

@InProceedings{P18-2037,
  author = "Schwenk, Holger",
  title = "Filtering and Mining Parallel Data in a Joint Multilingual Space",
  booktitle = "Proceedings of the 56th Annual Meeting of the Association for Computational Linguistics (Volume 2: Short Papers)",
  year = "2018",
  publisher = "Association for Computational Linguistics",
  pages = "228--234",
  location = "Melbourne, Australia",
  url = "http://aclweb.org/anthology/P18-2037"
}

@InProceedings{P02-1040,
	Address = {Stroudsburg, PA, USA},
	Author = {Papineni, Kishore and Roukos, Salim and Ward, Todd and Zhu, Wei-Jing},
	Booktitle = {Proceedings of the 40th Annual Meeting on Association for Computational Linguistics},
	Doi = {http://dx.doi.org/10.3115/1073083.1073135},
	Location = {Philadelphia, Pennsylvania},
	Numpages = {8},
	Pages = {311--318},
	Publisher = {Association for Computational Linguistics},
	Title = {{BLEU}: a method for automatic evaluation of machine translation},
	Url =  {http://www.aclweb.org/anthology/P02-1040},
	Year = {2002},
}

@InProceedings{W17-4717,
author = "Bojar, Ond{\v{r}}ej and Chatterjee, Rajen and Federmann, Christian and Graham, Yvette and Haddow, Barry and Huang, Shujian and Huck, Matthias and Koehn, Philipp and Liu, Qun and Logacheva, Varvara and Monz, Christof and Negri, Matteo and Post, Matt and Rubino, Raphael and Specia, Lucia and Turchi, Marco",
  title = "Findings of the 2017 Conference on Machine Translation (WMT17)",
  booktitle = "Proceedings of the Second Conference on Machine Translation",
  year = "2017",
  publisher = "Association for Computational Linguistics",
  pages = "169--214",
  location = "Copenhagen, Denmark",
  url = "http://aclweb.org/anthology/W17-4717"
}

@InProceedings{W17-2508,
  author = "Azpeitia, Andoni and Etchegoyhen, Thierry and Mart{\'i}nez Garcia, Eva",
  title = "Weighted Set-Theoretic Alignment of Comparable Sentences",
  booktitle = "Proceedings of the 10th Workshop on Building and Using Comparable Corpora",
  year = "2017",
  publisher = "Association for Computational Linguistics",
  pages = "41--45",
  location = "Vancouver, Canada",
  url = "http://aclweb.org/anthology/W17-2508"
}

@InProceedings{AZPEITIA18.6,
  author = {Andoni Azpeitia ,Thierry Etchegoyhen and Eva Martínez Garcia},
  title = {Extracting Parallel Sentences from Comparable Corpora with {STACC} Variants},
  booktitle = {Proceedings of the Eleventh International Conference on Language Resources and Evaluation (LREC 2018)},
  year = {2018},
  month = {may},
  date = {7-12},
  location = {Miyazaki, Japan},
  editor = {Reinhard Rapp and Pierre Zweigenbaum and Serge Sharoff},
  publisher = {European Language Resources Association (ELRA)},
  address = {Paris, France},
  isbn = {979-10-95546-07-8},
  language = {english}
  }

@InProceedings{W15-1521,
  author = "Luong, Thang and Pham, Hieu and Manning, Christopher D.",
  title = "Bilingual Word Representations with Monolingual Quality in Mind",
  booktitle = "Proceedings of the 1st Workshop on Vector Space Modeling for Natural Language Processing",
  year = "2015",
  publisher = "Association for Computational Linguistics",
  pages = "151--159",
  location = "Denver, Colorado",
  doi = "10.3115/v1/W15-1521",
  url = "http://www.aclweb.org/anthology/W15-1521"
}

@InProceedings{E09-1003,
  author = "Abdul-Rauf, Sadaf and Schwenk, Holger",
  title = "On the Use of Comparable Corpora to Improve {SMT} performance",
  booktitle = "Proceedings of the 12th Conference of the European Chapter of the ACL (EACL 2009)",
  year = "2009",
  publisher = "Association for Computational Linguistics",
  pages = "16--23",
  location = "Athens, Greece",
  url = "http://www.aclweb.org/anthology/E09-1003"
}

@inproceedings{lample2018word,
title={Word translation without parallel data},
author={Guillaume Lample and Alexis Conneau and Marc'Aurelio Ranzato and Ludovic Denoyer and Herv{\'e} J{\'e}gou},
booktitle={Proceedings of the Sixth International Conference on Learning Representations},
year={2018},
url={https://openreview.net/forum?id=H196sainb},
}

@inproceedings{artetxe2018iclr,
  author    = {Artetxe, Mikel  and  Labaka, Gorka  and  Agirre, Eneko  and  Cho, Kyunghyun},
  title     = {Unsupervised neural machine translation},
  booktitle = {Proceedings of the Sixth International Conference on Learning Representations},
  month     = {April},
  year      = {2018}
}

@InProceedings{ZWEIGENBAUM18.12,
  author = {Zweigenbaum, Pierre and Sharoff, Serge and Rapp, Reinhard},
  title = {Overview of the Third BUCC Shared Task: Spotting Parallel Sentences in Comparable Corpora},
  booktitle = {Proceedings of the Eleventh International Conference on Language Resources and Evaluation (LREC 2018)},
  year = {2018},
  month = {may},
  date = {7-12},
  location = {Miyazaki, Japan},
  editor = {Reinhard Rapp and Pierre Zweigenbaum and Serge Sharoff},
  publisher = {European Language Resources Association (ELRA)},
  address = {Paris, France},
  isbn = {979-10-95546-07-8},
  language = {english}
  }

@InProceedings{P17-3003,
  author = "Grover, Jeenu and Mitra, Pabitra",
  title = "Bilingual Word Embeddings with Bucketed CNN for Parallel Sentence Extraction",
  booktitle = "Proceedings of ACL 2017, Student Research Workshop",
  year = "2017",
  publisher = "Association for Computational Linguistics",
  pages = "11--16",
  location = "Vancouver, Canada",
  url = "http://www.aclweb.org/anthology/P17-3003"
}

@InProceedings{W17-2509,
  author = "Gr{\'e}goire, Francis and Langlais, Philippe", 
  title = "BUCC 2017 Shared Task: a First Attempt Toward a Deep Learning Framework for Identifying Parallel Sentences in Comparable Corpora",
  booktitle = "Proceedings of the 10th Workshop on Building and Using Comparable Corpora",
  year = "2017",
  publisher = "Association for Computational Linguistics",
  pages = "46--50",
  location = "Vancouver, Canada",
  url = "http://aclweb.org/anthology/W17-2509"
}

@InProceedings{conf/semeval/AgirreBCDGMRW16,
  added-at = {2016-09-30T00:00:00.000+0200},
  author = {Agirre, Eneko and Banea, Carmen and Cer, Daniel M. and Diab, Mona T. and Gonzalez-Agirre, Aitor and Mihalcea, Rada and Rigau, German and Wiebe, Janyce},
  biburl = {https://www.bibsonomy.org/bibtex/24e124f6e4990f716c0366a5659c108ab/dblp},
  booktitle = {SemEval@NAACL-HLT},
  editor = {Bethard, Steven and Cer, Daniel M. and Carpuat, Marine and Jurgens, David and Nakov, Preslav and Zesch, Torsten},
  ee = {http://aclweb.org/anthology/S/S16/S16-1081.pdf},
  interhash = {a77dfa803812428931eedd2df418395f},
  intrahash = {4e124f6e4990f716c0366a5659c108ab},
  isbn = {978-1-941643-95-2},
  keywords = {dblp},
  pages = {497-511},
  publisher = {The Association for Computer Linguistics},
  timestamp = {2016-10-01T11:33:36.000+0200},
  title = {SemEval-2016 Task 1: Semantic Textual Similarity, Monolingual and Cross-Lingual Evaluation.},
  url = {http://dblp.uni-trier.de/db/conf/semeval/semeval2016.html#AgirreBCDGMRW16},
  year = 2016
}

@inproceedings{chen2016adaptation,
title={Bilingual Methods for Adaptive Training Data Selection for Machine Translation},
author={Boxing Chen and Roland Kuhn and George Foster and Colin Cherry and Fei Huang}, 
booktitle={Proceedings of the 12th biennial conference of the Association for the Machine Translation in Americas (AMTA2016)},
year={2016}
}

@Book{WMT:2013,
  editor    = {Ondrej Bojar  and  Christian Buck  and  Chris Callison-Burch  and  Barry Haddow  and  Philipp Koehn  and  Christof Monz  and  Matt Post  and  Herve Saint-Amand  and  Radu Soricut  and  Lucia Specia},
  title     = {Proceedings of the Eighth Workshop on Statistical Machine Translation},
  month     = {August},
  year      = {2013},
  address   = {Sofia, Bulgaria},
  publisher = {Association for Computational Linguistics},
  url       = {http://www.aclweb.org/anthology/W13-22}
}

@InProceedings{N16-1108,
  author = 	"He, Hua
		and Lin, Jimmy",
  title = 	"Pairwise Word Interaction Modeling with Deep Neural Networks for Semantic Similarity Measurement    ",
  booktitle = 	"Proceedings of the 2016 Conference of the North American Chapter of the Association for Computational Linguistics: Human Language Technologies    ",
  year = 	"2016",
  publisher = 	"Association for Computational Linguistics",
  pages = 	"937--948",
  location = 	"San Diego, California",
  doi = 	"10.18653/v1/N16-1108",
  url = 	"http://www.aclweb.org/anthology/N16-1108"
}
@article{Hassan2018AchievingHP,
  title={Achieving Human Parity on Automatic Chinese to English News Translation},
  author={Hany Hassan and Anthony Aue and Chang Chen and Vishal Chowdhary and Jonathan Clark and Christian Federmann and Xuedong Huang and Marcin Junczys-Dowmunt and William Lewis and Mu Li and Shujie Liu and Tie-Yan Liu and Renqian Luo and Arul Menezes and Tao Qin and Frank Seide and Xu Tan and Fei Tian and Lijun Wu and Shuangzhi Wu and Yingce Xia and Dongdong Zhang and Zhirui Zhang and Ming Zhou},
  journal={CoRR},
  year={2018},
  volume={abs/1803.05567}
}

@inproceedings{goute2012,
author = {Goutte, Cyril and Carpuat, Marine and Foster, Georges},
booktitle = "The Tenth Biennial Conference of the Association for Machine Translation in the Americas",
year = {2012},
month = {09},
pages = {},
location = {San Diego, California}, 
title = {The Impact of Sentence Alignment Errors on Phrase-Based Machine Translation Performance}
}

@Article{J94-4004,
  author = 	"Dorr, Bonnie J.",
  title = 	"Machine Translation Divergences: A Formal Description and Proposed Solution",
  journal = 	"Computational Linguistics",
  year = 	"1994",
  volume = 	"20",
  number = 	"4",
  url = 	"http://www.aclweb.org/anthology/J94-4004"
}

@inproceedings{Mueller:2016:SRA:3016100.3016291,
 author = {Mueller, Jonas and Thyagarajan, Aditya},
 title = {Siamese Recurrent Architectures for Learning Sentence Similarity},
 booktitle = {Proceedings of the Thirtieth AAAI Conference on Artificial Intelligence},
 series = {AAAI'16},
 year = {2016},
 location = {Phoenix, Arizona},
 pages = {2786--2792},
 numpages = {7},
 url = {http://dl.acm.org/citation.cfm?id=3016100.3016291},
 acmid = {3016291},
 publisher = {AAAI Press},
} 
@inproceedings{Pascanu:2013:DTR:3042817.3043083,
 author = {Pascanu, Razvan and Mikolov, Tomas and Bengio, Yoshua},
 title = {On the Difficulty of Training Recurrent Neural Networks},
 booktitle = {Proceedings of the 30th International Conference on International Conference on Machine Learning - Volume 28},
 series = {ICML'13},
 year = {2013},
 location = {Atlanta, GA, USA},
 pages = {III-1310--III-1318},
 url = {http://dl.acm.org/citation.cfm?id=3042817.3043083},
 acmid = {3043083},
 publisher = {JMLR.org},
} 

@inproceedings{Zhao:2002:APS:844380.844785,
 author = {Zhao, Bing and Vogel, Stephan},
 title = {Adaptive Parallel Sentences Mining from Web Bilingual News Collection},
 booktitle = {Proceedings of the 2002 IEEE International Conference on Data Mining},
 series = {ICDM '02},
 year = {2002},
 isbn = {0-7695-1754-4},
 url = {http://dl.acm.org/citation.cfm?id=844380.844785},
 acmid = {844785},
 publisher = {IEEE Computer Society},
 address = {Washington, DC, USA},
} 

@InProceedings{W04-3208,
  author =  "Fung, Pascale and Cheung, Percy",
  title =   "Mining Very-Non-Parallel Corpora: Parallel Sentence and Lexicon Extraction via Bootstrapping and EM",
  booktitle =   "Proceedings of the 2004 Conference on Empirical Methods in Natural Language Processing ",
  year =  "2004",
  url =   "http://www.aclweb.org/anthology/W04-3208"
}

@Article{J05-4003,
  author =  "Munteanu, Dragos S. and Marcu, Daniel",
  title =   "Improving Machine Translation Performance by Exploiting Non-Parallel Corpora",
  journal =   "Computational Linguistics",
  year =  "2005",
  volume =  "31",
  number =  "4",
  url =   "http://www.aclweb.org/anthology/J05-4003"
}

@InProceedings{P16-1009,
  author =  "Sennrich, Rico and Haddow, Barry and Birch, Alexandra",
  title =   "Improving Neural Machine Translation Models with Monolingual Data",
  booktitle =   "Proceedings of the 54th Annual Meeting of the Association for Computational Linguistics (Volume 1: Long Papers)",
  year =  "2016",
  publisher =   "Association for Computational Linguistics",
  pages =   "86--96",
  location =  "Berlin, Germany",
  doi =   "10.18653/v1/P16-1009",
  url =   "http://www.aclweb.org/anthology/P16-1009"
}

@InProceedings{W17-4714,
  author =  "Chinea-Rios, Mara
    and Peris, {\'A}lvaro
    and Casacuberta, Francisco",
  title =   "Adapting Neural Machine Translation with Parallel Synthetic Data",
  booktitle =   "Proceedings of the Second Conference on Machine Translation",
  year =  "2017",
  publisher =   "Association for Computational Linguistics",
  pages =   "138--147",
  location =  "Copenhagen, Denmark",
  url =   "http://aclweb.org/anthology/W17-4714"
}

@InProceedings{XU16.310,
  author = {Yong Xu and Fran{\c{c}}ois Yvon},
  title = {Novel elicitation and annotation schemes for sentential and sub-sentential alignments of bitexts},
  booktitle = {Proceedings of the Tenth International Conference on Language Resources and Evaluation (LREC 2016)},
  year = {2016},
  month = {may},
  date = {23-28},
  location = {Portoro, Slovenia},
  editor = {Nicoletta Calzolari (Conference Chair) and Khalid Choukri and Thierry Declerck and Sara Goggi and Marko Grobelnik and Bente Maegaard and Joseph Mariani and Helene Mazo and Asuncion Moreno and Jan Odijk and Stelios Piperidis},
  publisher = {European Language Resources Association (ELRA)},
  address = {Paris, France},
  isbn = {978-2-9517408-9-1},
  language = {english}
 }

@InProceedings{C14-1055,
  author =  "Li, Junyi Jessy and Carpuat, Marine and Nenkova, Ani",
  title =   "Cross-lingual Discourse Relation Analysis: A corpus study and a semi-supervised classification system",
  booktitle =   "Proceedings of COLING 2014, the 25th International Conference on Computational Linguistics: Technical Papers",
  year =  "2014",
  publisher =   "Dublin City University and Association for Computational Linguistics",
  pages =   "577--587",
  location =  "Dublin, Ireland",
  url =   "http://www.aclweb.org/anthology/C14-1055"
}

@InProceedings{W17-3209,
  author =  "Carpuat, Marine and Vyas, Yogarshi and Niu, Xing",
  title =   "Detecting Cross-Lingual Semantic Divergence for Neural Machine Translation",
  booktitle =   "Proceedings of the First Workshop on Neural Machine Translation",
  year =  "2017",
  publisher =   "Association for Computational Linguistics",
  pages =   "69--79",
  location =  "Vancouver",
  url =   "http://aclweb.org/anthology/W17-3209"
}

@article{DBLP:journals/corr/abs-1803-11112,
  author    = {Yogarshi Vyas and
               Xing Niu and
               Marine Carpuat},
  title     = {Identifying Semantic Divergences in Parallel Text without Annotations},
  journal   = {CoRR},
  volume    = {abs/1803.11112},
  year      = {2018},
  url       = {http://arxiv.org/abs/1803.11112},
  archivePrefix = {arXiv},
  eprint    = {1803.11112},
  timestamp = {Wed, 11 Apr 2018 17:54:17 +0200},
  biburl    = {https://dblp.org/rec/bib/journals/corr/abs-1803-11112},
  bibsource = {dblp computer science bibliography, https://dblp.org}
}

@InProceedings{W16-2207,
  author =  "Legrand, Jo{\"{e}}l and Auli, Michael and Collobert, Ronan",
  title =   "Neural Network-based Word Alignment through Score Aggregation",
  booktitle =   "Proceedings of the First Conference on Machine Translation: Volume 1,      Research Papers     ",
  year =  "2016",
  publisher =   "Association for Computational Linguistics",
  pages =   "66--73",
  location =  "Berlin, Germany",
  doi =   "10.18653/v1/W16-2207",
  url =   "http://www.aclweb.org/anthology/W16-2207"
}



@book{tiedemann2011bitext,
  added-at = {2014-11-26T21:54:00.000+0100},
  author = {Tiedemann, J{\"o}rg},
  biburl = {https://www.bibsonomy.org/bibtex/2584a1350cfc008f36ce5acb1bbe2789f/filologanoga},
  description = {Bitext Alignment - J{\öo}rg Tiedemann - Google Books},
  interhash = {5bf5ad4db49d2610a39aa93f1304268e},
  intrahash = {584a1350cfc008f36ce5acb1bbe2789f},
  isbn = {9781608455119},
  keywords = {openPhilology},
  publisher = {Morgan \& Claypool Publishers},
  series = {Synthesis Lectures on Human Language Technologies},
  timestamp = {2014-11-26T21:54:00.000+0100},
  title = {Bitext Alignment},
  url = {http://books.google.hr/books?id=Kt5cAQAAQBAJ},
  year = 2011
}

@InProceedings{LisonTiedemann2016,
  author = {Pierre Lison and J{\"o}rg Tiedemann},
  title = {OpenSubtitles2016: Extracting Large Parallel Corpora from Movie and TV Subtitles},
  booktitle = {10th International Conference on Language Resources and Evaluation (LREC 2016)},
  year = {2016},
  month = {may},
  date = {23-28},
  location = {Portoro, Slovenia},
  editor = {Nicoletta Calzolari (Conference Chair) and Khalid Choukri and Thierry Declerck and Sara Goggi and Marko Grobelnik and Bente Maegaard and Joseph Mariani and Helene Mazo and Asuncion Moreno and Jan Odijk and Stelios Piperidis},
  publisher = {European Language Resources Association (ELRA)},
  address = {Paris, France},
  isbn = {978-2-9517408-9-1},
  language = {english}
 }


@InProceedings{D17-1298,
  author =  "Schmaltz, Allen and Kim, Yoon and Rush, Alexander and Shieber, Stuart",
  title =   "Adapting Sequence Models for Sentence Correction",
  booktitle =   "Proceedings of the 2017 Conference on Empirical Methods in Natural Language Processing",
  year =  "2017",
  publisher =   "Association for Computational Linguistics",
  pages =   "2807--2813",
  location =  "Copenhagen, Denmark",
  url =   "http://aclweb.org/anthology/D17-1298"
}

@inproceedings{Dale:2011:HOO:2187681.2187725,
 author = {Dale, Robert and Kilgarriff, Adam},
 title = {Helping Our Own: The HOO 2011 Pilot Shared Task},
 booktitle = {Proceedings of the 13th European Workshop on Natural Language Generation},
 series = {ENLG '11},
 year = {2011},
 location = {Nancy, France},
 pages = {242--249},
 numpages = {8},
 url = {http://dl.acm.org/citation.cfm?id=2187681.2187725},
 acmid = {2187725},
 publisher = {Association for Computational Linguistics},
 address = {Stroudsburg, PA, USA},
} 

@inproceedings{Dale:2012:HRP:2390384.2390390,
 author = {Dale, Robert and Anisimoff, Ilya and Narroway, George},
 title = {HOO 2012: A Report on the Preposition and Determiner Error Correction Shared Task},
 booktitle = {Proceedings of the Seventh Workshop on Building Educational Applications Using NLP},
 year = {2012},
 location = {Montreal, Canada},
 pages = {54--62},
 numpages = {9},
 url = {http://dl.acm.org/citation.cfm?id=2390384.2390390},
 acmid = {2390390},
 publisher = {Association for Computational Linguistics},
 address = {Stroudsburg, PA, USA},
} 

@InProceedings{W13-3601,
  author =  "Ng, Hwee Tou and Wu, Siew Mei and Wu, Yuanbin and Hadiwinoto, Christian and Tetreault, Joel",
  title =   "The CoNLL-2013 Shared Task on Grammatical Error Correction",
  booktitle =   "Proceedings of the Seventeenth Conference on Computational Natural Language Learning: Shared Task",
  year =  "2013",
  publisher =   "Association for Computational Linguistics",
  pages =   "1--12",
  location =  "Sofia, Bulgaria",
  url =   "http://www.aclweb.org/anthology/W13-3601"
}

@inproceedings{DBLP:conf/conll/NgWBHSB14,
  author    = {Hwee Tou Ng and Siew Mei Wu and Ted Briscoe and Christian Hadiwinoto and Raymond Hendy Susanto and Christopher Bryant},
  title     = {The CoNLL-2014 Shared Task on Grammatical Error Correction},
  booktitle = {Proceedings of the Eighteenth Conference on Computational Natural Language Learning: Shared Task, CoNLL 2014, Baltimore, Maryland, USA, June 26-27, 2014},
  pages     = {1--14},
  year      = {2014},
  crossref  = {DBLP:conf/conll/2014st},
  url       = {http://aclweb.org/anthology/W/W14/W14-1701.pdf},
  timestamp = {Wed, 21 Jan 2015 17:10:26 +0100},
  biburl    = {https://dblp.org/rec/bib/conf/conll/NgWBHSB14},
  bibsource = {dblp computer science bibliography, https://dblp.org}
}

@inproceedings{achieving-human-parity-on-automatic-chinese-to-english-news-translation,
  author = {Hassan Awadalla, Hany and Aue, Anthony and Chen, Chang and Chowdhary, Vishal and Clark, Jonathan and Federmann, Christian and Huang, Xuedong and Junczys-Dowmunt, Marcin and Lewis, Will and Li, Mu and Liu, Shujie and Liu, Tie-Yan and Luo, Renqian and Menezes, Arul and Qin, Tao and Seide, Frank and Tan, Xu and Tian, Fei and Wu, Lijun and Wu, Shuangzhi and Xia, Yingce and Zhang, Dongdong and Zhang, Zhirui and Zhou, Ming},
  title = {Achieving Human Parity on Automatic Chinese to English News Translation},
  booktitle = {},
  year = {2018},
  month = {March},
  publisher = {},
  url = {https://www.microsoft.com/en-us/research/publication/achieving-human-parity-on-automatic-chinese-to-english-news-translation/},
  address = {},
  pages = {},
  journal = {},
  volume = {},
  chapter = {},
  isbn = {},
}

@inproceedings{mslt-corpus-iwslt-2016-release,
author = {Federmann, Christian and Lewis, Will},
title = {Microsoft Speech Language Translation (MSLT) Corpus: The IWSLT 2016 release for English, French and German},
booktitle = {Proceedings of the International Workshop on Spoken Language Translation (IWSLT2016)}, 
year = {2016},
month = {December},
abstract = {We describe the Microsoft Speech Language Translation (MSLT) corpus, which was created in order to evaluate end-to-end conversational speech translation quality. The corpus was created from actual conversations over Skype, and we provide details on the recording setup and the different layers of associated text data. The corpus release includes Test and Dev sets with reference transcripts for speech recognition. Additionally, cleaned up transcripts and reference translations are available for evaluation of machine translation quality. The IWSLT 2016 release described here includes the source audio, raw transcripts, cleaned up transcripts, and translations to or from English for both French and German.},
publisher = {},
url = {https://www.microsoft.com/en-us/research/publication/mslt-corpus-iwslt-2016-release/},
address = {},
pages = {},
journal = {},
volume = {},
chapter = {},
isbn = {},
}

@article{DBLP:journals/corr/CregoKKRYSABCDE16,
  author    = {Josep Crego and
               Jungi Kim and
               Guillaume Klein and
               Anabel Rebollo and
               Kathy Yang and
               Jean Senellart and
               Egor Akhanov and
               Patrice Brunelle and
               Aurelien Coquard and
               Yongchao Deng and
               Satoshi Enoue and
               Chiyo Geiss and
               Joshua Johanson and
               Ardas Khalsa and
               Raoum Khiari and
               Byeongil Ko and
               Catherine Kobus and
               Jean Lorieux and
               Leidiana Martins and
               Dang{-}Chuan Nguyen and
               Alexandra Priori and
               Thomas Riccardi and
               Natalia Segal and
               Christophe Servan and
               Cyril Tiquet and
               Bo Wang and
               Jin Yang and
               Dakun Zhang and
               Jing Zhou and
               Peter Zoldan},
  title     = {SYSTRAN's Pure Neural Machine Translation Systems},
  journal   = {CoRR},
  volume    = {abs/1610.05540},
  year      = {2016},
  timestamp = {Wed, 02 Nov 2016 09:51:26 +0100},
  bibsource = {dblp computer science bibliography, http://dblp.org}
}


@inproceedings{topic_informed,
author = {Jian Zhang and Liangyou Li and Andy Way and Qun Liu},
title = {Topic-Informed Neural Machine Translation},
booktitle = {COLING},
year = 2016
}

@inproceedings{Schwenk:2008:IJCNLP,
author = {Holger Schwenk and Philipp Koehn},
title = {Large and Diverse Language Models for Statistical Machine Translation},
googlescholar = {1718059900819111267},
booktitle = {Proceedings of the 3rd International Joint Conference on Natural Language Processing (IJCNLP)},
year = 2008
}

@InProceedings{koehn-schroeder:2007:WMT,
author = {Koehn, Philipp and Schroeder, Josh},
title = {Experiments in Domain Adaptation for Statistical Machine Translation},
booktitle = {Proceedings of the Second Workshop on Statistical Machine Translation},
month = {June},
address = {Prague, Czech Republic},
publisher = {Association for Computational Linguistics},
pages = {224--227},
year = 2007
}

@InProceedings{foster-kuhn:2007:WMT,
author = {Foster, George and Kuhn, Roland},
title = {Mixture-Model Adaptation for {SMT}},
booktitle = {Proceedings of the Second Workshop on Statistical Machine Translation},
month = {June},
address = {Prague, Czech Republic},
publisher = {Association for Computational Linguistics},
pages = {128--135},
year = 2007
}

@InProceedings{sethy-georgiou-narayanan:2006:HLT-NAACL06-Short,
author = {Sethy, Abhinav and Georgiou, Panayiotis and Narayanan, Shrikanth},
title = {Selecting relevant text subsets from web-data for building topic specific language models},
booktitle = {Proceedings of the Human Language Technology Conference of the NAACL, Companion Volume: Short Papers},
month = {June},
address = {New York City, USA},
publisher = {Association for Computational Linguistics},
pages = {145--148},
year = 2006
}

@InProceedings{Hildebrand:2005:EAMT,
author = {Almut Silja Hildebrand and Matthias Eck and Stephan Vogel and Alex Waibel},
title = {Adaptation of the translation model for statistical machine translation based on information retrieval},
googlescholar = {13931991959007327601},
booktitle = {Proceedings of the 10th Conference of the European Association for Machine Translation (EAMT)},
month = {May},
address = {Budapest},
year = 2005
}

@InProceedings{Mikolov,
  Title                    = {Context dependent recurrent neural network language model},
  Author                   = {Tomas Mikolov and Geoffrey Zweig},
  Booktitle                = {SLT},
  Year                     = {2012},
  Pages                    = {234-239}
  }

@Article{tfidf,
  Title                    = {Extended Boolean Information Retrieval},
  Author                   = {Gerard Salton and Edward A. Fox and Harry Wu},
  Journal                  = {Communications of the ACM},
  Year                     = {1983}
}

@article{DBLP:journals/corr/ZarembaSV14,
  author    = {Wojciech Zaremba and Ilya Sutskever and Oriol Vinyals},
  title     = {Recurrent Neural Network Regularization},
  journal   = {CoRR},
  volume    = {abs/1409.2329},
  year      = {2014},
  timestamp = {Wed, 01 Oct 2014 15:00:04 +0200},
  bibsource = {dblp computer science bibliography, http://dblp.org}
}

@InProceedings{Axelrod2011,
  Title                    = {Domain Adaptation via Pseudo In-Domain Data Selection},
  Author                   = {Axelrod, Amittai and He, Xiaodong and Gao, Jianfeng},
  Booktitle                = {Proceedings of the 2011 Conference on Empirical Methods in Natural Language Processing},
  Year                     = {2011},

  Address                  = {Edinburgh, Scotland, UK.},
  Month                    = {July},
  Pages                    = {355--362},
  Publisher                = {Association for Computational Linguistics},

  Owner                    = {Christophe},
  Timestamp                = {2016.10.13}
}

@InProceedings{Bechara2011,
  Title                    = {Statistical post-editing for a statistical MT system},
  Author                   = {B{\'e}chara, Hanna and Ma, Yanjun and van Genabith, Josef},
  Booktitle                = {MT Summit},
  Year                     = {2011},
  Pages                    = {308--315},
  Volume                   = {13}
}

@InProceedings{bechara2011statistical,
  Title                    = {Statistical post-editing for a statistical MT system},
  Author                   = {B{\'e}chara, Hanna and Ma, Yanjun and van Genabith, Josef},
  Booktitle                = {MT Summit},
  Year                     = {2011},
  Pages                    = {308--315},
  Volume                   = {13}
}

@Article{DBLP:journals/corr/BahdanauCB14,
  Title                    = {Neural Machine Translation by Jointly Learning to Align and Translate},
  Author                   = {Dzmitry Bahdanau and Kyunghyun Cho and Yoshua Bengio},
  Journal                  = {CoRR},
  Year                     = {2014},
  Note                     = {Demoed at NIPS 2014: http://lisa.iro.umontreal.ca/mt-demo/},
  Volume                   = {abs/1409.0473},

  Bibsource                = {dblp computer science bibliography, http://dblp.org},
  Timestamp                = {Wed and 01 Oct 2014 15:00:04 +0200},
}

@InProceedings{Blain2012,
  Title                    = {Incremental adaptation using translation information and post-editing analysis.},
  Author                   = {Blain, Fr{\'e}d{\'e}ric and Schwenk, Holger and Senellart, Jean},
  Booktitle                = {IWSLT},
  Year                     = {2012},
  Pages                    = {229--236},

  Owner                    = {Christophe},
  Timestamp                = {2016.10.13}
}

@Article{Blain2011,
  Title                    = {Qualitative analysis of post-editing for high quality machine translation},
  Author                   = {Blain, Fr{\'e}d{\'e}ric and Senellart, Jean and Schwenk, Holger and Plitt, Mirko and Roturier, Johann},
  Journal                  = {MT Summit XIII: the Thirteenth Machine Translation Summit [organized by the] Asia-Pacific Association for Machine Translation (AAMT)},
  Year                     = {2011},
  Pages                    = {164--171}
}

@Article{blain2011qualitative,
  Title                    = {Qualitative analysis of post-editing for high quality machine translation},
  Author                   = {Blain, Fr{\'e}d{\'e}ric and Senellart, Jean and Schwenk, Holger and Plitt, Mirko and Roturier, Johann},
  Journal                  = {MT Summit XIII: the Thirteenth Machine Translation Summit [organized by the] Asia-Pacific Association for Machine Translation (AAMT)},
  Year                     = {2011},
  Pages                    = {164--171}
}

@InProceedings{wmt15,
  Title                    = {Findings of the 2015 Workshop on Statistical Machine Translation},
  Author                   = {Bojar, Ond\v{r}ej and Chatterjee, Rajen and Federmann, Christian and Haddow, Barry and Huck, Matthias and Hokamp, Chris and Koehn, Philipp and Logacheva, Varvara and Monz, Christof and Negri, Matteo and Post, Matt and Scarton, Carolina and Specia, Lucia and Turchi, Marco},
  Booktitle                = {Proceedings of the Tenth Workshop on Statistical Machine Translation},
  Year                     = {2015},

  Address                  = {Lisbon, Portugal},
  Month                    = {September},
  Pages                    = {1--46}
}

@InProceedings{Bojar2016,
  Title                    = {Results of the WMT16 Metrics Shared Task},
  Author                   = {Bojar, Ond\v{r}ej and Graham, Yvette and Kamran, Amir and Stanojevi\'{c}, Milo\v{s}},
  Booktitle                = {Proceedings of the First Conference on Machine Translation},
  Year                     = {2016},

  Address                  = {Berlin, Germany},
  Month                    = {August}
}

@InProceedings{Brants2007,
  Title                    = {Large language models in machine translation},
  Author                   = {Brants, Thorsten and Popat, Ashok C and Xu, Peng and Och, Franz J and Dean, Jeffrey},
  Booktitle                = {In Proceedings of the Joint Conference on Empirical Methods in Natural Language Processing and Computational Natural Language Learning},
  Year                     = {2007},
  Organization             = {Citeseer}
}

@InProceedings{brants2007large,
  Title                    = {Large language models in machine translation},
  Author                   = {Brants, Thorsten and Popat, Ashok C and Xu, Peng and Och, Franz J and Dean, Jeffrey},
  Booktitle                = {In Proceedings of the Joint Conference on Empirical Methods in Natural Language Processing and Computational Natural Language Learning},
  Year                     = {2007},
  Organization             = {Citeseer}
}

@Article{Cettolo2014,
  Title                    = {Translation project adaptation for MT-enhanced computer assisted translation},
  Author                   = {Mauro Cettolo and Nicola Bertoldi and Marcello Federico and Holger Schwenk and Loic Barrault and Chrstophe Servan},
  Journal                  = {Machine Translation},
  Year                     = {2014},

  Month                    = {October},
  Number                   = {2},
  Pages                    = {127-150},
  Volume                   = {28},

  Owner                    = {Christophe},
  Timestamp                = {2016.10.13}
}

@Article{DBLP:journals/corr/ChenMKP16,
  Title                    = {Guided Alignment Training for Topic-Aware Neural Machine Translation},
  Author                   = {Wenhu Chen and Evgeny Matusov and Shahram Khadivi and Jan{-}Thorsten Peter},
  Journal                  = {CoRR},
  Year                     = {2016},
  Volume                   = {abs/1607.01628v1},

  Bibsource                = {dblp computer science bibliography, http://dblp.org},
  Timestamp                = {Tue, 02 Aug 2016 12:59:27 +0200},
}

@InProceedings{chen2012multiun,
  Title                    = {MultiUN v2: UN Documents with Multilingual Alignments.},
  Author                   = {Chen, Yu and Eisele, Andreas},
  Booktitle                = {LREC},
  Year                     = {2012},
  Pages                    = {2500--2504}
}

@Article{cho2015using,
  Title                    = {On Using Very Large Target Vocabulary for Neural Machine Translation},
  Author                   = {Cho, S{\'e}bastien Jean Kyunghyun and Memisevic, Roland and Bengio, Yoshua},
  Journal                  = {arXiv preprint arXiv:1412.2007},
  Year                     = {2015}
}

@Article{Chung2016,
  Title                    = {A Character-level Decoder without Explicit Segmentation for Neural
 Machine Translation},
  Author                   = {Junyoung Chung and
 Kyunghyun Cho and
 Yoshua Bengio},
  Journal                  = {CoRR},
  Year                     = {2016},
  Volume                   = {abs/1603.06147},

  Bibsource                = {dblp computer science bibliography, http://dblp.org},
  Biburl                   = {http://dblp.uni-trier.de/rec/bib/journals/corr/ChungCB16},
  Timestamp                = {Sat, 02 Apr 2016 11:49:48 +0200}
}

@InProceedings{Civera2007,
  Title                    = {Domain Adaptation in Statistical Machine Translation with Mixture Modelling},
  Author                   = {Civera, Jorge and Juan, Alfons},
  Booktitle                = {Proceedings of the Second Workshop on Statistical Machine Translation},
  Year                     = {2007},

  Address                  = {Prague, Czech Republic},
  Month                    = {June},
  Pages                    = {177--180},
  Publisher                = {Association for Computational Linguistics},

  Owner                    = {Christophe},
  Timestamp                = {2016.10.13},
  Url                      = {http://www.aclweb.org/anthology/W/W07/W07-0222}
}

@InProceedings{dugast-senellart-koehn:2007:WMT,
  Title                    = {{Statistical Post-Editing on SYSTRAN's Rule-Based Translation System}},
  Author                   = {Dugast, Lo{\"\i}c and Senellart, Jean and Koehn, Philipp},
  Booktitle                = {Proceedings of the Second Workshop on Statistical Machine Translation},
  Year                     = {2007},

  Address                  = {Prague, Czech Republic},
  Month                    = {June},
  Pages                    = {220--223},
  Publisher                = {Association for Computational Linguistics}
}

@InProceedings{Dyer2013fastAlign,
  Title                    = {A Simple, Fast, and Effective Reparameterization of IBM Model 2},
  Author                   = {Dyer, Chris and Chahuneau, Victor and Smith, Noah A.},
  Booktitle                = {Proceedings of the 2013 Conference of the North American Chapter of the Association for Computational Linguistics: Human Language Technologies},
  Year                     = {2013},
  Address                  = {Atlanta, Georgia},
  Month                    = {June},
  Pages                    = {644--648}
}

@InProceedings{Foster2007,
  Title                    = {Mixture-Model Adaptation for {SMT}},
  Author                   = {Foster, George and Kuhn, Roland},
  Booktitle                = {Proceedings of the Second Workshop on Statistical Machine Translation},
  Year                     = {2007},

  Address                  = {Prague, Czech Republic},
  Month                    = {June},
  Pages                    = {128--135},
  Publisher                = {Association for Computational Linguistics},

  Owner                    = {Christophe},
  Timestamp                = {2016.10.13},
  Url                      = {http://www.aclweb.org/anthology/W/W07/W07-0217}
}

@Article{monolingualcorporaNMT,
  Title                    = {On Using Monolingual Corpora in Neural Machine Translation},
  Author                   = {{\c{C}}aglar G{\"{u}}l{\c{c}}ehre and Orhan Firat and Kelvin Xu and Kyunghyun Cho and Lo{\"{\i}}c Barrault and Huei{-}Chi Lin and Fethi Bougares and Holger Schwenk andYoshua Bengio},
  Journal                  = {CoRR},
  Year                     = {2015},
  Volume                   = {abs/1503.03535},

  Bibsource                = {dblp computer science bibliography, http://dblp.org},
  Timestamp                = {Thu, 09 Apr 2015 11:33:20 +0200}
}

@InProceedings{Gu2016,
  Title                    = {Incorporating Copying Mechanism in Sequence-to-Sequence Learning},
  Author                   = {Gu, Jiatao and Lu, Zhengdong and Li, Hang and Li, Victor O.K.},
  Booktitle                = {Proceedings of the 54th Annual Meeting of the Association for Computational Linguistics (Volume 1: Long Papers)},
  Year                     = {2016},

  Address                  = {Berlin, Germany},
  Month                    = {August},
  Pages                    = {1631--1640},
  Publisher                = {Association for Computational Linguistics}
}

@InProceedings{gu-EtAl:2016:P16-1,
  Title                    = {Incorporating Copying Mechanism in Sequence-to-Sequence Learning},
  Author                   = {Gu, Jiatao and Lu, Zhengdong and Li, Hang and Li, Victor O.K.},
  Booktitle                = {Proceedings of the 54th Annual Meeting of the Association for Computational Linguistics (Volume 1: Long Papers)},
  Year                     = {2016},

  Address                  = {Berlin, Germany},
  Month                    = {August},
  Pages                    = {1631--1640},
  Publisher                = {Association for Computational Linguistics},

  Url                      = {http://www.aclweb.org/anthology/P16-1154}
}

@InProceedings{Gulcehre2016,
  Title                    = {Pointing the Unknown Words},
  Author                   = {Gulcehre, Caglar and Ahn, Sungjin and Nallapati, Ramesh and Zhou, Bowen and Bengio, Yoshua},
  Booktitle                = {Proceedings of the 54th Annual Meeting of the Association for Computational Linguistics (Volume 1: Long Papers)},
  Year                     = {2016},

  Address                  = {Berlin, Germany},
  Month                    = {August},
  Pages                    = {140--149},
  Publisher                = {Association for Computational Linguistics}
}

@InProceedings{gulcehre-EtAl:2016:P16-1,
  Title                    = {Pointing the Unknown Words},
  Author                   = {Gulcehre, Caglar and Ahn, Sungjin and Nallapati, Ramesh and Zhou, Bowen and Bengio, Yoshua},
  Booktitle                = {Proceedings of the 54th Annual Meeting of the Association for Computational Linguistics (Volume 1: Long Papers)},
  Year                     = {2016},

  Address                  = {Berlin, Germany},
  Month                    = {August},
  Pages                    = {140--149},
  Publisher                = {Association for Computational Linguistics},

  Url                      = {http://www.aclweb.org/anthology/P16-1014}
}

@Article{DBLP:journals/corr/Junczys-Dowmunt16,
  Title                    = {Log-linear Combinations of Monolingual and Bilingual Neural Machine
 Translation Models for Automatic Post-Editing},
  Author                   = {Marcin Junczys{-}Dowmunt and
 Roman Grundkiewicz},
  Journal                  = {CoRR},
  Year                     = {2016},
  Volume                   = {abs/1605.04800},

  Bibsource                = {dblp computer science bibliography, http://dblp.org},
  Biburl                   = {http://dblp.uni-trier.de/rec/bib/journals/corr/Junczys-Dowmunt16},
  Timestamp                = {Wed, 01 Jun 2016 15:51:08 +0200}
}

@Article{WIPO,
  Title                    = {{Is Neural Machine Translation Ready for Deployment? A Case Study on 30 Translation Directions}},
  Author                   = {{Junczys-Dowmunt}, M. and {Dwojak}, T. and {Hoang}, H.},
  Journal                  = {CoRR},
  Year                     = {2016},

  Month                    = oct,
  Volume                   = {abs/1610.01108},

  Adsnote                  = {Provided by the SAO/NASA Astrophysics Data System},
  Adsurl                   = {http://adsabs.harvard.edu/abs/2016arXiv161001108J},
  Keywords                 = {Computer Science - Computation and Language},
  Primaryclass             = {cs.CL}
}

@Article{knowledgedistillation2016,
  Title                    = {Sequence-Level Knowledge Distillation},
  Author                   = {Y Kim and Alexander M. Rush},
  Journal                  = {CoRR},
  Year                     = {2016},
  Volume                   = {abs/1606.07947},

  Bibsource                = {dblp computer science bibliography, http://dblp.org},
  Timestamp                = {Fri, 01 Jul 2016 17:39:49 +0200}
}

@InProceedings{koehn2005europarl,
  Title                    = {Europarl: A parallel corpus for statistical machine translation},
  Author                   = {Koehn, Philipp},
  Booktitle                = {MT summit},
  Year                     = {2005},
  Pages                    = {79--86},
  Volume                   = {5}
}

@InProceedings{Koehn07,
  Title                    = {{Moses: Open Source Toolkit for Statistical Machine Translation}},
  Author                   = {Philipp Koehn and Hieu Hoang and Alexandra Birch and Chris Callison-Burch and Marcello Federico and Nicola Bertoldi and Brooke Cowan and Wade Shen and Christine Moran and Richard Zens and Chris Dyer and Ondrej Bojar and Alexandra Constantin and Evan Herbst},
  Booktitle                = {Proceedings of the 45th Annual Meeting of the Association for Computational Linguistics Companion Volume Proceedings of the Demo and Poster Sessions},
  Year                     = {2007},

  Owner                    = {Christophe},
  Timestamp                = {2016.10.17}
}

@InProceedings{Lue2007,
  Title                    = {Improving Statistical Machine Translation Performance by Training Data Selection and Optimization},
  Author                   = {L\"{u}, Yajuan and Huang, Jin and Liu, Qun},
  Booktitle                = {Proceedings of the 2007 Joint Conference on Empirical Methods in Natural Language Processing and Computational Natural Language Learning (EMNLP-CoNLL)},
  Year                     = {2007},
  Pages                    = {343--350},

  Owner                    = {Christophe},
  Timestamp                = {2016.10.13},
}

@InProceedings{Lambert2011,
  Title                    = {Investigations on Translation Model Adaptation Using Monolingual Data},
  Author                   = {Lambert, Patrik and Schwenk, Holger and Servan, Christophe and Abdul-Rauf, Sadaf},
  Booktitle                = {Proceedings of the Sixth Workshop on Statistical Machine Translation},
  Year                     = {2011},

  Address                  = {Edinburgh, Scotland},
  Month                    = {July},
  Pages                    = {284--293},
  Publisher                = {Association for Computational Linguistics},

  Owner                    = {Christophe},
  Timestamp                = {2016.10.13},
}

@Article{Luong2016,
  Title                    = {Achieving Open Vocabulary Neural Machine Translation with Hybrid Word-Character
 Models},
  Author                   = {Minh{-}Thang Luong and
 Christopher D. Manning},
  Journal                  = {CoRR},
  Year                     = {2016},
  Volume                   = {abs/1604.00788},

  Bibsource                = {dblp computer science bibliography, http://dblp.org},
  Timestamp                = {Mon, 02 May 2016 18:22:52 +0200}
}

@InProceedings{luong-pham-manning:2015:EMNLP,
  Title                    = {Effective Approaches to Attention-based Neural Machine Translation},
  Author                   = {Luong, Thang and Pham, Hieu and Manning, Christopher D.},
  Booktitle                = {Proceedings of the 2015 Conference on Empirical Methods in Natural Language Processing},
  Year                     = {2015},

  Address                  = {Lisbon, Portugal},
  Month                    = {September},
  Pages                    = {1412--1421},
  Publisher                = {Association for Computational Linguistics}
}

@Article{DBLP:journals/corr/abs-1301-3781,
  Title                    = {Efficient Estimation of Word Representations in Vector Space},
  Author                   = {Tomas Mikolov and
 Kai Chen and
 Greg Corrado and
 Jeffrey Dean},
  Journal                  = {CoRR},
  Year                     = {2013},
  Volume                   = {abs/1301.3781},

  Bibsource                = {dblp computer science bibliography, http://dblp.org},
  Timestamp                = {Thu, 07 May 2015 20:02:01 +0200}
}

@InProceedings{Moore2010,
  Title                    = {Intelligent Selection of Language Model Training Data},
  Author                   = {Moore, Robert C. and Lewis, William},
  Booktitle                = {Proceedings of the ACL 2010 Conference Short Papers},
  Year                     = {2010},

  Address                  = {Uppsala, Sweden},
  Month                    = {July},
  Pages                    = {220--224},
  Publisher                = {Association for Computational Linguistics},

  Owner                    = {Christophe},
  Timestamp                = {2016.10.13}
}

@InProceedings{ortiz2010online,
  Title                    = {Online learning for interactive statistical machine translation},
  Author                   = {Ortiz-Mart{\'\i}nez, Daniel and Garc{\'\i}a-Varea, Ismael and Casacuberta, Francisco},
  Booktitle                = {Human Language Technologies: The 2010 Annual Conference of the North American Chapter of the Association for Computational Linguistics},
  Year                     = {2010},
  Organization             = {Association for Computational Linguistics},
  Pages                    = {546--554}
}

@InProceedings{Schwenk2008,
  Title                    = {Investigations on large-scale lightly-supervised training for statistical machine translation},
  Author                   = {Holger Schwenk},
  Booktitle                = {Proceedings of the International Workshop on Spoken Language Translation (IWSLT)},
  Year                     = {2008},
  Pages                    = {182--189},

  Googlescholar            = {9087183346661484930},
  Owner                    = {Christophe},
  Timestamp                = {2016.10.13},
 }
}

@InProceedings{Schwenk2009,
  Title                    = {Translation Model Adaptation for an {Arabic/French} News Translation System by Lightly-Supervised Training},
  Author                   = {Holger Schwenk and Jean Senellart},
  Booktitle                = {Proceedings of the Twelfth Machine Translation Summit (MT Summit XII)},
  Year                     = {2009},
  Publisher                = {International Association for Machine Translation},

  Location                 = {Ottawa, Ontario, Canada},
  Owner                    = {Christophe},
  Timestamp                = {2016.10.13}
}

@InProceedings{see2016compression,
  Title                    = {Compression of Neural Machine Translation Models via Pruning},
  Author                   = {See, Abigail and Luong, Minh-Thang and Manning, Christopher D},
  Booktitle                = {the proceedings of The 20th SIGNLL Conference on Computational Natural Language Learning (CoNLL2016)},
  Year                     = {2016},

  Address                  = {Berlin, Germany},
  Month                    = {August},

  Journal                  = {arXiv preprint arXiv:1606.09274}
}

@Article{DBLP:journals/corr/SennrichH16,
  Title                    = {Linguistic Input Features Improve Neural Machine Translation},
  Author                   = {Rico Sennrich and
 Barry Haddow},
  Journal                  = {CoRR},
  Year                     = {2016},
  Volume                   = {abs/1606.02892},

  Bibsource                = {dblp computer science bibliography, http://dblp.org},
  Timestamp                = {Fri, 01 Jul 2016 17:39:49 +0200}
}

@InProceedings{Sennrich2016,
  Title                    = {Neural Machine Translation of Rare Words with Subword Units},
  Author                   = {Sennrich, Rico and Haddow, Barry and Birch, Alexandra},
  Booktitle                = {Proceedings of the 54th Annual Meeting of the Association for Computational Linguistics (Volume 1: Long Papers)},
  Year                     = {2016},

  Address                  = {Berlin, Germany},
  Month                    = {August},
  Pages                    = {1715--1725},
  Publisher                = {Association for Computational Linguistics}
}

@InProceedings{sennrich-haddow-birch_2016_NAACLHLT,
  Title                    = {Controlling Politeness in Neural Machine Translation via Side Constraints},
  Author                   = {Sennrich, Rico and Haddow, Barry and Birch, Alexandra},
  Booktitle                = {Proceedings of the 15th Annual Conference of the North American Chapter of the Association for Computational Linguistics: Human Language Technologies},
  Year                     = {2016},

  Address                  = {San Diego, California, USA},
  Month                    = {June},
  Pages                    = {35--40},
  Publisher                = {Association for Computational Linguistics}
}

@Article{DBLP:journals/corr/SennrichHB15_bad,
  Title                    = {Neural Machine Translation of Rare Words with Subword Units},
  Author                   = {Rico Sennrich and
 Barry Haddow and
 Alexandra Birch},
  Journal                  = {CoRR},
  Year                     = {2015},
  Volume                   = {abs/1508.07909},

  Bibsource                = {dblp computer science bibliography, http://dblp.org},
  Timestamp                = {Tue, 01 Sep 2015 14:42:40 +0200}
  }

@Article{zero_shot,
  Title                    = {Google's Multilingual Neural Machine Translation System: Enabling Zero-Shot Translation},
  Author                   = {Melvin Johnson and Mike Schuster and Quoc V.Le and Maxim Krikun and Yonghui Wu and Zhifeng Chen and Nikkik Thorat},
  Year                     = {2016},
  Volume                   = {arXiv:1611.04558v}
}

@Article{sennrich2015neural_bad,
  Title                    = {Neural machine translation of rare words with subword units},
  Author                   = {Sennrich, Rico and Haddow, Barry and Birch, Alexandra},
  Journal                  = {arXiv preprint arXiv:1508.07909},
  Year                     = {2015}
}

@InProceedings{Simard07statisticalphrase-based,
  Title                    = {Statistical phrase-based post-editing},
  Author                   = {Michel Simard and Cyril Goutte and Pierre Isabelle},
  Booktitle                = {In Proceedings of NAACL},
  Year                     = {2007}
}

@Article{steinberger2006jrc,
  Title                    = {The JRC-Acquis: A multilingual aligned parallel corpus with 20+ languages},
  Author                   = {Steinberger, Ralf and Pouliquen, Bruno and Widiger, Anna and Ignat, Camelia and Erjavec, Tomaz and Tufis, Dan and Varga, D{\'a}niel},
  Journal                  = {arXiv preprint cs/0609058},
  Year                     = {2006}
}

@InProceedings{tiedemann2012parallel,
  Title                    = {Parallel Data, Tools and Interfaces in OPUS.},
  Author                   = {Tiedemann, J{\"o}rg},
  Booktitle                = {LREC},
  Year                     = {2012},
  Pages                    = {2214--2218}
}

@TechReport{GNMT,
  Title                    = {Google's Neural Machine Translation System: Bridging the Gap between Human and Machine Translation},
  Author                   = {Yonghui Wu and Mike Schuster and Zhifeng Chen and Quoc V. Le and Mohammad Norouzi and Wolfgang Macherey and Maxim Krikun and Yuan Cao and Qin Gao and Klaus Macherey and Jeff Klingner and Apurva Shah and Melvin Johnson and Xiaobing Liu and ukasz Kaiser and Stephan Gouws and Yoshikiyo Kato and Taku Kudo and Hideto Kazawa and Keith Stevens and George Kurian and Nishant Patil and Wei Wang and Cliff Young and Jason Smith and Jason Riesa and Alex Rudnick and Oriol Vinyals and Greg Corrado and Macduff Hughes and Jeffrey Dean},
  Institution              = {Google},
  Year                     = {2016},
}

@InProceedings{wuebker2015hierarchical,
  Title                    = {Hierarchical Incremental Adaptation for Statistical Machine Translation},
  Author                   = {Wuebker, Joern and Green, Spence and DeNero, John},
  Booktitle                = {In Proceedings of EMNLP},
  Year                     = {2015}
}

@Article{zhou2016deep,
  Title                    = {Deep Recurrent Models with Fast-Forward Connections for Neural Machine Translation},
  Author                   = {Zhou, Jie and Cao, Ying and Wang, Xuguang and Li, Peng and Xu, Wei},
  Journal                  = {Transactions of the Association for Computational Linguistics},
  Year                     = {2016},
  Pages                    = {371-383},
  Volume                   = {4}
}

@InProceedings{Luong2015,
  author    = {Thang Luong and Christopher D. Manning},
  title     = {Stanford Neural Machine Translation Systems for Spoken Language Domains},
  booktitle = {IWSLT2015},
  year      = {2015},
  address   = {Da Nang, Vietnam},
  month     = dec,
}
