
@inproceedings{Farajian17multidomain,
	Address = {Copenhagen, Denmark},
	Author = {Farajian, M. Amin and Turchi, Marco and Negri, Matteo and Federico, Marcello},
	Booktitle = {Proceedings of the Second Conference on Machine Translation},
	Doi = {10.18653/v1/W17-4713},
	Month = sep,
	Pages = {127--137},
	Title = {Multi-Domain Neural Machine Translation through Unsupervised Adaptation},
	Url = {https://www.aclweb.org/anthology/W17-4713},
	Year = {2017},
	Bdsk-Url-1 = {https://www.aclweb.org/anthology/W17-4713},
	Bdsk-Url-2 = {https://doi.org/10.18653/v1/W17-4713}}

@inproceedings{Axelrod11domain,
	Address = {Stroudsburg, PA, USA},
	Author = {Axelrod, Amittai and He, Xiaodong and Gao, Jianfeng},
	Booktitle = {Proceedings of the Conference on Empirical Methods in Natural Language Processing},
	Isbn = {978-1-937284-11-4},
	Location = {Edinburgh, United Kingdom},
	Numpages = {8},
	Pages = {355--362},
	Series = {EMNLP '11},
	Title = {Domain Adaptation via Pseudo In-domain Data Selection},
	Url = {http://dl.acm.org/citation.cfm?id=2145432.2145474},
	Year = {2011},
	Bdsk-Url-1 = {http://dl.acm.org/citation.cfm?id=2145432.2145474}}

@inproceedings{Foster07mixture,
	Address = {Prague, Czech Republic},
	Author = {Foster, George and Kuhn, Roland},
	Booktitle = {Proceedings of the Second Workshop on Statistical Machine Translation},
	Pages = {128--135},
	Title = {Mixture-Model Adaptation for {SMT}},
	Url = {http://www.aclweb.org/anthology/W/W07/W07-0717},
	Year = {2007},
	Bdsk-Url-1 = {http://www.aclweb.org/anthology/W/W07/W07-0717}}

@inproceedings{Finkel09hierarchical,
	Address = {Boulder, Colorado},
	Author = {Finkel, Jenny Rose and Manning, Christopher D.},
	Booktitle = {Proceedings of Human Language Technologies: The 2009 Annual Conference of the North {A}merican Chapter of the Association for Computational Linguistics},
	Month = jun,
	Pages = {602--610},
	Title = {Hierarchical {B}ayesian Domain Adaptation},
	Url = {https://www.aclweb.org/anthology/N09-1068},
	Year = {2009},
	Bdsk-Url-1 = {https://www.aclweb.org/anthology/N09-1068}}


@inproceedings{Platanios18contextual,
	Address = {Brussels, Belgium},
	Author = {Platanios, Emmanouil Antonios and Sachan, Mrinmaya and Neubig, Graham and Mitchell, Tom},
	Booktitle = {Proceedings of the 2018 Conference on Empirical Methods in Natural Language Processing},
	Pages = {425--435},
	Publisher = {Association for Computational Linguistics},
	Title = {Contextual Parameter Generation for Universal Neural Machine Translation},
	Url = {http://aclweb.org/anthology/D18-1039},
	Year = {2018},
	Bdsk-Url-1 = {http://aclweb.org/anthology/D18-1039}}

@inproceedings{Zeng18multidomain,
	Address = {Brussels, Belgium},
	Author = {Zeng, Jiali and Su, Jinsong and Wen, Huating and Liu, Yang and Xie, Jun and Yin, Yongjing and Zhao, Jianqiang},
	Booktitle = {Proceedings of the 2018 Conference on Empirical Methods in Natural Language Processing},
	Pages = {447--457},
	Publisher = {Association for Computational Linguistics},
	Title = {Multi-Domain Neural Machine Translation with Word-Level Domain Context Discrimination},
	Url = {http://aclweb.org/anthology/D18-1041},
	Year = {2018},
	Bdsk-Url-1 = {http://aclweb.org/anthology/D18-1041}}


@inproceedings{Chang10necessity,
	Address = {Cambridge, MA},
	Author = {Chang, Ming-Wei and Connor, Michael and Roth, Dan},
	Booktitle = {Proceedings of the 2010 Conference on Empirical Methods in Natural Language Processing},
	Month = oct,
	Pages = {767--777},
	Title = {The Necessity of Combining Adaptation Methods},
	Url = {https://www.aclweb.org/anthology/D10-1075},
	Year = {2010},
	Bdsk-Url-1 = {https://www.aclweb.org/anthology/D10-1075}}


@inproceedings{Zhang18sentence,
	Address = {Santa Fe, New Mexico, USA},
	Author = {Zhang, Shiqi and Xiong, Deyi},
	Booktitle = {Proceedings of the 27th International Conference on Computational Linguistics},
	Date-Added = {2019-04-28 19:22:53 +0200},
	Date-Modified = {2019-04-28 19:23:22 +0200},
	Pages = {3181--3190},
	Title = {Sentence Weighting for Neural Machine Translation Domain Adaptation},
	Url = {http://aclweb.org/anthology/C18-1269},
	Year = {2018},
	Bdsk-Url-1 = {http://aclweb.org/anthology/C18-1269}}


@inproceedings{Thompson18freezing,
	Address = {Belgium, Brussels},
	Author = {Thompson, Brian and Khayrallah, Huda and Anastasopoulos, Antonios and McCarthy, Arya D. and Duh, Kevin and Marvin, Rebecca and McNamee, Paul and Gwinnup, Jeremy and Anderson, Tim and Koehn, Philipp},
	Booktitle = {Proceedings of the Third Conference on Machine Translation: Research Papers},
	Date-Added = {2019-04-28 19:22:53 +0200},
	Date-Modified = {2019-04-28 19:22:53 +0200},
	Pages = {124--132},
	Publisher = {Association for Computational Linguistics},
	Title = {Freezing Subnetworks to Analyze Domain Adaptation in Neural Machine Translation},
	Url = {http://aclweb.org/anthology/W18-6313},
	Year = {2018},
	Bdsk-Url-1 = {http://aclweb.org/anthology/W18-6313}}


@inproceedings{Vilar18learning,
	Address = {New Orleans, Louisiana},
	Author = {Vilar, David},
	Booktitle = {Proceedings of the 2018 Conference of the North American Chapter of the Association for Computational Linguistics: Human Language Technologies, Volume 2 (Short Papers)},
	Date-Added = {2019-04-28 19:22:53 +0200},
	Date-Modified = {2019-04-28 19:22:53 +0200},
	Doi = {10.18653/v1/N18-2080},
	Pages = {500--505},
	Title = {Learning Hidden Unit Contribution for Adapting Neural Machine Translation Models},
	Url = {http://aclweb.org/anthology/N18-2080},
	Year = {2018},
	Bdsk-Url-1 = {http://aclweb.org/anthology/N18-2080},
	Bdsk-Url-2 = {https://doi.org/10.18653/v1/N18-2080}}

@inproceedings{Daume07frustratingly,
	Address = {Prague, Czech Republic},
	Author = {Daume III, Hal},
	Booktitle = {Proceedings of the 45th Annual Meeting of the Association of Computational Linguistics},
	Date-Added = {2019-04-28 19:22:53 +0200},
	Date-Modified = {2019-04-28 19:22:53 +0200},
	Pages = {256--263},
	Title = {Frustratingly Easy Domain Adaptation},
	Url = {http://aclweb.org/anthology/P07-1033},
	Year = {2007},
	Bdsk-Url-1 = {http://aclweb.org/anthology/P07-1033}}

@inproceedings{P17-2089,
	Address = {Vancouver, Canada},
	Author = {Wang, Rui and Finch, Andrew and Utiyama, Masao and Sumita, Eiichiro},
	Booktitle = {Proceedings of the 55th Annual Meeting of the Association for Computational Linguistics (Volume 2: Short Papers)},
	Date-Added = {2019-04-28 19:22:53 +0200},
	Date-Modified = {2019-04-28 19:22:53 +0200},
	Doi = {10.18653/v1/P17-2089},
	Pages = {560--566},
	Publisher = {Association for Computational Linguistics},
	Title = {Sentence Embedding for Neural Machine Translation Domain Adaptation},
	Url = {http://aclweb.org/anthology/P17-2089},
	Year = {2017},
	Bdsk-Url-1 = {http://aclweb.org/anthology/P17-2089},
	Bdsk-Url-2 = {https://doi.org/10.18653/v1/P17-2089}}

@ARTICLE{Gulcehre2016monolingual,
    author = {G{\"{u}}l{\c c}ehre, {\c C}aÄŸlar and Firat, Orhan and Xu, Kelvin and Cho, Kyunghyun and Barrault, Lo{\"{\i}}c and Lin, Huei-Chi and Bougares, Fethi and Schwenk, Holger and Bengio, Yoshua},
  keywords = {Computer Science - Computation and Language},
     month = mar,
     title = {On Using Monolingual Corpora in Neural Machine Translation},
   journal = {arXiv e-prints},
    volume = {abs/1503.03535},
      year = {2015},
       url = {https://arxiv.org/abs/1503.03535}
}

@InProceedings{Kobus17domaincontrol,
  author = 	"Kobus, Catherine and Crego, Josep and Senellart, Jean",
  title = 	"Domain Control for Neural Machine Translation",
  booktitle = 	"Proceedings of the International Conference Recent Advances in Natural Language Processing",
  series = "RANLP 2017",
  year = 	"2017",
  publisher = 	"INCOMA Ltd.",
  pages = 	"372--378",
  address = 	"Varna, Bulgaria",
  doi = 	"10.26615/978-954-452-049-6_049",
  url = 	"https://doi.org/10.26615/978-954-452-049-6_049"
}

@InProceedings{Zhang16topicinformed,
  author = 	"Zhang, Jian
		and Li, Liangyou
		and Way, Andy
		and Liu, Qun",
  title = 	"Topic-Informed Neural Machine Translation",
  booktitle = 	"Proceedings of the 26th International Conference on Computational Linguistics: Technical Papers",
  series =      "COLING 2016",
  year = 	"2016",
  publisher = 	"The COLING 2016 Organizing Committee",
  pages = 	"1807--1817",
  address = 	"Osaka, Japan",
  url = 	"http://aclweb.org/anthology/C16-1170"
}

@article{Freitag2016FastDA,
  title={Fast Domain Adaptation for Neural Machine Translation},
  author={Markus Freitag and Yaser Al-Onaizan},
  journal={CoRR},
  year={2016},
  volume={abs/1612.06897}
}

@article{Sajjad2017NeuralMT,
  title={Neural Machine Translation Training in a Multi-Domain Scenario},
  author={Hassan Sajjad and Nadir Durrani and Fahim Dalvi and Yonatan Belinkov and Stephan Vogel},
  journal={CoRR},
  year={2017},
  volume={abs/1708.08712}
}

@InProceedings{D17-1155,
  author = 	"Wang, Rui
		and Utiyama, Masao
		and Liu, Lemao
		and Chen, Kehai
		and Sumita, Eiichiro",
  title = 	"Instance Weighting for Neural Machine Translation Domain Adaptation",
  booktitle = 	"Proceedings of the 2017 Conference on Empirical Methods in Natural      Language Processing    ",
  year = 	"2017",
  publisher = 	"Association for Computational Linguistics",
  pages = 	"1482--1488",
  address = 	"Copenhagen, Denmark",
  doi = 	"10.18653/v1/D17-1155",
  url = 	"http://aclweb.org/anthology/D17-1155"
}

@InProceedings{W17-3205,
  author = 	"Chen, Boxing
		and Cherry, Colin
		and Foster, George
		and Larkin, Samuel",
  title = 	"Cost Weighting for Neural Machine Translation Domain Adaptation",
  booktitle = 	"Proceedings of the First Workshop on Neural Machine Translation",
  year = 	"2017",
  publisher = 	"Association for Computational Linguistics",
  pages = 	"40--46",
  address = 	"Vancouver",
  doi = 	"10.18653/v1/W17-3205",
  url = 	"http://aclweb.org/anthology/W17-3205"
}

@InProceedings{D17-1156,
  author = 	"Miceli Barone, Antonio Valerio
		and Haddow, Barry
		and Germann, Ulrich
		and Sennrich, Rico",
  title = 	"Regularization techniques for fine-tuning in neural machine translation",
  booktitle = 	"Proceedings of the 2017 Conference on Empirical Methods in Natural      Language Processing    ",
  year = 	"2017",
  publisher = 	"Association for Computational Linguistics",
  pages = 	"1489--1494",
  address = 	"Copenhagen, Denmark",
  doi = 	"10.18653/v1/D17-1156",
  url = 	"http://aclweb.org/anthology/D17-1156"
}

@InProceedings{W17-4712,
  author = 	"Britz, Denny
		and Le, Quoc
		and Pryzant, Reid",
  title = 	"Effective Domain Mixing for Neural Machine Translation",
  booktitle = 	"Proceedings of the Second Conference on Machine Translation",
  year = 	"2017",
  publisher = 	"Association for Computational Linguistics",
  pages = 	"118--126",
  address = 	"Copenhagen, Denmark",
  doi = 	"10.18653/v1/W17-4712",
  url = 	"http://aclweb.org/anthology/W17-4712"
}

@InProceedings{I17-2004,
  author = 	"Khayrallah, Huda
		and Kumar, Gaurav
		and Duh, Kevin
		and Post, Matt
		and Koehn, Philipp",
  title = 	"Neural Lattice Search for Domain Adaptation in Machine Translation",
  booktitle = 	"Proceedings of the Eighth International Joint Conference on Natural Language Processing (Volume 2: Short Papers)",
  year = 	"2017",
  publisher = 	"Asian Federation of Natural Language Processing",
  pages = 	"20--25",
  address = 	"Taipei, Taiwan",
  url = 	"http://aclweb.org/anthology/I17-2004"
}

@InProceedings{P18-2050,
  author = 	"Michel, Paul
		and Neubig, Graham",
  title = 	"Extreme Adaptation for Personalized Neural Machine Translation",
  booktitle = 	"Proceedings of the 56th Annual Meeting of the Association for Computational Linguistics (Volume 2: Short Papers)",
  year = 	"2018",
  publisher = 	"Association for Computational Linguistics",
  pages = 	"312--318",
  address = 	"Melbourne, Australia",
  url = 	"http://aclweb.org/anthology/P18-2050"
}

@InProceedings{Chu18asurvey,
  author = 	"Chu, Chenhui and Wang, Rui",
  title = 	"A Survey of Domain Adaptation for Neural Machine Translation",
  booktitle = 	"Proceedings of the 27th International Conference on Computational Linguistics",
  series = "COLING 2018",
  year = 	"2018",
  pages = 	"1304--1319",
  address = 	"Santa Fe, New Mexico, USA",
  url = 	"http://aclweb.org/anthology/C18-1111"
}

@InProceedings{P17-2061,
  author = 	"Chu, Chenhui
		and Dabre, Raj
		and Kurohashi, Sadao",
  title = 	"An Empirical Comparison of Domain Adaptation Methods for Neural Machine      Translation    ",
  booktitle = 	"Proceedings of the 55th Annual Meeting of the Association for      Computational Linguistics (Volume 2: Short Papers)    ",
  year = 	"2017",
  publisher = 	"Association for Computational Linguistics",
  pages = 	"385--391",
  address = 	"Vancouver, Canada",
  doi = 	"10.18653/v1/P17-2061",
  url = 	"http://aclweb.org/anthology/P17-2061"
}

@inproceedings{Pei2018MADA,
  author    = {Zhongyi Pei and
               Zhangjie Cao and
               Mingsheng Long and
               Jianmin Wang},
  title     = {Multi-Adversarial Domain Adaptation},
  booktitle = {Proceedings of the Thirty-Second {AAAI} Conference on Artificial Intelligence,
               (AAAI-18), the 30th innovative Applications of Artificial Intelligence
               (IAAI-18), and the 8th {AAAI} Symposium on Educational Advances in
               Artificial Intelligence (EAAI-18), New Orleans, Louisiana, USA, February
               2-7, 2018},
  pages     = {3934--3941},
  year      = {2018},
  crossref  = {DBLP:conf/aaai/2018},
  url       = {https://www.aaai.org/ocs/index.php/AAAI/AAAI18/paper/view/17067},
  timestamp = {Tue, 23 Oct 2018 06:42:15 +0200},
  biburl    = {https://dblp.org/rec/bib/conf/aaai/PeiCLW18},
  bibsource = {dblp computer science bibliography, https://dblp.org}
}

@inproceedings{Konstantinos2016DSN,
 author = {Bousmalis, Konstantinos and Trigeorgis, George and Silberman, Nathan and Krishnan, Dilip and Erhan, Dumitru},
 title = {Domain Separation Networks},
 booktitle = {Proceedings of the 30th International Conference on Neural Information Processing Systems},
 series = {NIPS'16},
 year = {2016},
 isbn = {978-1-5108-3881-9},
 address = {Barcelona, Spain},
 pages = {343--351},
 numpages = {9},
 url = {http://dl.acm.org/citation.cfm?id=3157096.3157135},
 acmid = {3157135},
 publisher = {Curran Associates Inc.},
 address = {USA},
} 

@article{Biao2017CARENMT,
 author = {Zhang, Biao and Xiong, Deyi and Su, Jinsong and Duan, Hong},
 title = {A Context-Aware Recurrent Encoder for Neural Machine Translation},
 journal = {IEEE/ACM Trans. Audio, Speech and Lang. Proc.},
 issue_date = {December 2017},
 volume = {25},
 number = {12},
 month = dec,
 year = {2017},
 issn = {2329-9290},
 pages = {2424--2432},
 numpages = {9},
 url = {https://doi.org/10.1109/TASLP.2017.2751420},
 doi = {10.1109/TASLP.2017.2751420},
 acmid = {3180106},
 publisher = {IEEE Press},
 address = {Piscataway, NJ, USA},
}

@InProceedings{P10-2041,
  author = 	"Moore, Robert C.
		and Lewis, William",
  title = 	"Intelligent Selection of Language Model Training Data",
  booktitle = 	"Proceedings of the ACL 2010 Conference Short Papers",
  year = 	"2010",
  publisher = 	"Association for Computational Linguistics",
  pages = 	"220--224",
  address = 	"Uppsala, Sweden",
  url = 	"http://aclweb.org/anthology/P10-2041"
}

@InProceedings{D11-1033,
  author = 	"Axelrod, Amittai
		and He, Xiaodong
		and Gao, Jianfeng",
  title = 	"Domain Adaptation via Pseudo In-Domain Data Selection",
  booktitle = 	"Proceedings of the 2011 Conference on Empirical Methods in Natural Language Processing",
  year = 	"2011",
  publisher = 	"Association for Computational Linguistics",
  pages = 	"355--362",
  address = 	"Edinburgh, Scotland, UK.",
  url = 	"http://aclweb.org/anthology/D11-1033"
}

@InProceedings{P13-2119,
  author = 	"Duh, Kevin
		and Neubig, Graham
		and Sudoh, Katsuhito
		and Tsukada, Hajime",
  title = 	"Adaptation Data Selection using Neural Language Models: Experiments in Machine Translation",
  booktitle = 	"Proceedings of the 51st Annual Meeting of the Association for Computational Linguistics (Volume 2: Short Papers)",
  year = 	"2013",
  publisher = 	"Association for Computational Linguistics",
  pages = 	"678--683",
  address = 	"Sofia, Bulgaria",
  url = 	"http://aclweb.org/anthology/P13-2119"
}

@InProceedings{P03-1010,
  author = 	"Utiyama, Masao
		and Isahara, Hitoshi",
  title = 	"Reliable Measures for Aligning {Japanese-English} News Articles and Sentences",
  booktitle = 	"Proceedings of the 41st Annual Meeting of the Association for Computational Linguistics",
  address =    "Sapporo, Japan",
  year = 	"2003",
  url = 	"http://aclweb.org/anthology/P03-1010"
}

@InProceedings{C16-1295,
  author = 	"Wang, Rui
		and Zhao, Hai
		and Lu, Bao-Liang
		and Utiyama, Masao
		and Sumita, Eiichiro",
  title = 	"Connecting Phrase based Statistical Machine Translation Adaptation",
  booktitle = 	"Proceedings of COLING 2016, the 26th International Conference on Computational Linguistics: Technical Papers",
  year = 	"2016",
  publisher = 	"The COLING 2016 Organizing Committee",
  pages = 	"3135--3145",
  address = 	"Osaka, Japan",
  url = 	"http://aclweb.org/anthology/C16-1295"
}

@InProceedings{D14-1023,
  author = 	"Wang, Rui
		and Zhao, Hai
		and Lu, Bao-Liang
		and Utiyama, Masao
		and Sumita, Eiichiro",
  title = 	"Neural Network Based Bilingual Language Model Growing for Statistical      Machine Translation    ",
  booktitle = 	"Proceedings of the 2014 Conference on Empirical Methods in Natural      Language Processing (EMNLP)    ",
  year = 	"2014",
  publisher = 	"Association for Computational Linguistics",
  pages = 	"189--195",
  address = 	"Doha, Qatar",
  doi = 	"10.3115/v1/D14-1023",
  url = 	"http://aclweb.org/anthology/D14-1023"
}

@inproceedings{Luong2015SNMT,
  Address = {Da Nang, Vietnam},
  Author = {Luong, Minh-Thang  and Manning, Christopher D.},
  Booktitle = {International Workshop on Spoken Language Translation},
  Title = {Stanford Neural Machine Translation Systems for Spoken Language Domain},
  Year = {2015}}

@InProceedings{N16-1005,
  author = 	"Sennrich, Rico
		and Haddow, Barry
		and Birch, Alexandra",
  title = 	"Controlling Politeness in Neural Machine Translation via Side Constraints",
  booktitle = 	"Proceedings of the 2016 Conference of the North American Chapter of the      Association for Computational Linguistics: Human Language Technologies    ",
  year = 	"2016",
  publisher = 	"Association for Computational Linguistics",
  pages = 	"35--40",
  address = 	"San Diego, California",
  doi = 	"10.18653/v1/N16-1005",
  url = 	"http://aclweb.org/anthology/N16-1005"
}

@InProceedings{P16-1009,
  author = 	"Sennrich, Rico
		and Haddow, Barry
		and Birch, Alexandra",
  title = 	"Improving Neural Machine Translation Models with Monolingual Data",
  booktitle = 	"Proceedings of the 54th Annual Meeting of the Association for      Computational Linguistics (Volume 1: Long Papers)    ",
  year = 	"2016",
  publisher = 	"Association for Computational Linguistics",
  pages = 	"86--96",
  address = 	"Berlin, Germany",
  doi = 	"10.18653/v1/P16-1009",
  url = 	"http://aclweb.org/anthology/P16-1009"
}

@InProceedings{W11-2132,
  author = 	"Lambert, Patrik
		and Schwenk, Holger
		and Servan, Christophe
		and Abdul-Rauf, Sadaf",
  title = 	"Investigations on Translation Model Adaptation Using Monolingual Data",
  booktitle = 	"Proceedings of the Sixth Workshop on Statistical Machine Translation",
  year = 	"2011",
  publisher = 	"Association for Computational Linguistics",
  pages = 	"284--293",
  address = 	"Edinburgh, Scotland",
  url = 	"http://aclweb.org/anthology/W11-2132"
}

@inproceedings{Sennrich16neural,
	Address = {Berlin, Germany},
	Author = {Sennrich, Rico and Haddow, Barry and Birch, Alexandra},
	Booktitle = {Proceedings of the 54th Annual Meeting of the Association for Computational Linguistics (Volume 1: Long Papers)},
	Doi = {10.18653/v1/P16-1162},
	Pages = {1715--1725},
	Title = {Neural Machine Translation of Rare Words with Subword Units},
	Url = {http://aclweb.org/anthology/P16-1162},
	Year = {2016},
}


@InProceedings{C14-1182,
  author = 	"Hoang, Cuong
		and Sima'an, Khalil",
  title = 	"Latent Domain Translation Models in Mix-of-Domains Haystack",
  booktitle = 	"Proceedings of COLING 2014, the 25th International Conference on Computational Linguistics: Technical Papers",
  year = 	"2014",
  publisher = 	"Dublin City University and Association for Computational Linguistics",
  pages = 	"1928--1939",
  address = 	"Dublin, Ireland",
  url = 	"http://aclweb.org/anthology/C14-1182"
}

@InProceedings{P17-4012,
  author = 	"Klein, Guillaume
		and Kim, Yoon
		and Deng, Yuntian
		and Senellart, Jean
		and Rush, Alexander",
  title = 	"{OpenNMT}: Open-Source Toolkit for Neural Machine Translation",
  booktitle = 	"Proceedings of ACL 2017, System Demonstrations",
  year = 	"2017",
  publisher = 	"Association for Computational Linguistics",
  pages = 	"67--72",
  address = 	"Vancouver, Canada",
  url = 	"http://aclweb.org/anthology/P17-4012"
}

@incollection{Vaswani17attention,
title = {Attention is All you Need},
author = {Vaswani, Ashish and Shazeer, Noam and Parmar, Niki and Uszkoreit, Jakob and Jones, Llion and Gomez, Aidan N. and Kaiser, {\L}ukasz and Polosukhin, Illia},
booktitle = {Advances in Neural Information Processing Systems 30},
editor = {I. Guyon and U. V. Luxburg and S. Bengio and H. Wallach and R. Fergus and S. Vishwanathan and R. Garnett},
pages = {5998--6008},
year = {2017},
publisher = {Curran Associates, Inc.},
url = {http://papers.nips.cc/paper/7181-attention-is-all-you-need.pdf}
}

@inproceedings{bahdanau2014neural,
	Author = {Bahdanau, Dzmitry and Cho, Kyunghyun and Bengio, Yoshua},
	Booktitle = {Proceedings of the International Conference on Learning Representations}},
	Date-Added = {2015-10-05 20:27:54 +0000},
	Date-Modified = {2015-10-08 23:13:02 +0000},
	Title = {Neural machine translation by jointly learning to align and translate},
	Year = {2015}
}

@article{McCloskey1989Catastrophic,
title = "Catastrophic Interference in Connectionist Networks: The Sequential Learning Problem",
author = "Michael McCloskey and Cohen, {Neal J.}",
year = "1989",
doi = "10.1016/S0079-7421(08)60536-8",
language = "English (US)",
volume = "24",
pages = "109--165",
journal = "Psychology of Learning and Motivation - Advances in Research and Theory",
issn = "0079-7421",
publisher = "Academic Press Inc.",
number = "C",
}

@InProceedings{Kalchbrenner13recurrent,
  author = 	"Kalchbrenner, Nal
		and Blunsom, Phil",
  title = 	"Recurrent Continuous Translation Models",
  booktitle = 	"Proceedings of the 2013 Conference on Empirical Methods in Natural Language Processing",
  year = 	"2013",
  publisher = 	"Association for Computational Linguistics",
  pages = 	"1700--1709",
  address = 	"Seattle, Washington, USA",
  url = 	"http://aclweb.org/anthology/D13-1176"
}

@inproceedings{Sutskever2014Sequence,
 author = {Sutskever, Ilya and Vinyals, Oriol and Le, Quoc V.},
 title = {Sequence to Sequence Learning with Neural Networks},
 booktitle = {Proceedings of the 27th International Conference on Neural Information Processing Systems - Volume 2},
 series = {NIPS'14},
 year = {2014},
 address = {Montreal, Canada},
 pages = {3104--3112},
 numpages = {9},
 url = {http://dl.acm.org/citation.cfm?id=2969033.2969173},
 acmid = {2969173},
 publisher = {MIT Press},
 address = {Cambridge, MA, USA},
} 

@InCollection{Tiedemann2009RANLP5,
  author =	  {J\"org Tiedemann},
  title =	  {News from {OPUS} - {A} Collection of Multilingual
                  Parallel Corpora with Tools and Interfaces},
  booktitle =	  {Recent Advances in Natural Language Processing},
  publisher =	  {John Benjamins, Amsterdam/Philadelphia},
  year =          2009,
  pages =         {237--248},
  editor =        {N. Nicolov and K. Bontcheva and G. Angelova and
                  R. Mitkov},
  volume =	  {V},
  address =	  {Borovets, Bulgaria},
  isbn =          {978 90 272 4825 1},
  pdf =           {http://stp.lingfil.uu.se/~joerg/published/ranlp-V.pdf},
  topic  =        {Parallel corpora}
}

@incollection{NIPS2017_6654,
 title = {Learning multiple visual domains with residual adapters},
 author = {Rebuffi, Sylvestre-Alvise and Bilen, Hakan and Vedaldi, Andrea},
 booktitle = {Advances in Neural Information Processing Systems 30},
 editor = {I. Guyon and U. V. Luxburg and S. Bengio and H. Wallach and R. Fergus and S. Vishwanathan and R. Garnett},
 pages = {506--516},
 year = {2017},
 publisher = {Curran Associates, Inc.},
 url = {http://papers.nips.cc/paper/6654-learning-multiple-visual-domains-with-  residual-adapters.pdf}
}
