@InProceedings{D18-1039,
  author = 	"Platanios, Emmanouil Antonios
		and Sachan, Mrinmaya
		and Neubig, Graham
		and Mitchell, Tom",
  title = 	"Contextual Parameter Generation for Universal Neural Machine Translation",
  booktitle = 	"Proceedings of the 2018 Conference on Empirical Methods in Natural Language Processing",
  year = 	"2018",
  publisher = 	"Association for Computational Linguistics",
  pages = 	"425--435",
  location = 	"Brussels, Belgium",
  url = 	"http://aclweb.org/anthology/D18-1039"
}

@InProceedings{D18-1041,
  author = 	"Zeng, Jiali
		and Su, Jinsong
		and Wen, Huating
		and Liu, Yang
		and Xie, Jun
		and Yin, Yongjing
		and Zhao, Jianqiang",
  title = 	"Multi-Domain Neural Machine Translation with Word-Level Domain Context Discrimination",
  booktitle = 	"Proceedings of the 2018 Conference on Empirical Methods in Natural Language Processing",
  year = 	"2018",
  publisher = 	"Association for Computational Linguistics",
  pages = 	"447--457",
  location = 	"Brussels, Belgium",
  url = 	"http://aclweb.org/anthology/D18-1041"
}

@InProceedings{P17-2089,
  author = 	"Wang, Rui
		and Finch, Andrew
		and Utiyama, Masao
		and Sumita, Eiichiro",
  title = 	"Sentence Embedding for Neural Machine Translation Domain Adaptation",
  booktitle = 	"Proceedings of the 55th Annual Meeting of the Association for      Computational Linguistics (Volume 2: Short Papers)    ",
  year = 	"2017",
  publisher = 	"Association for Computational Linguistics",
  pages = 	"560--566",
  location = 	"Vancouver, Canada",
  doi = 	"10.18653/v1/P17-2089",
  url = 	"http://aclweb.org/anthology/P17-2089"
}

@InProceedings{C18-1269,
  author = 	"Zhang, Shiqi
		and Xiong, Deyi",
  title = 	"Sentence Weighting for Neural Machine Translation Domain Adaptation",
  booktitle = 	"Proceedings of the 27th International Conference on Computational Linguistics",
  year = 	"2018",
  publisher = 	"Association for Computational Linguistics",
  pages = 	"3181--3190",
  location = 	"Santa Fe, New Mexico, USA",
  url = 	"http://aclweb.org/anthology/C18-1269"
}

@InProceedings{W18-6313,
  author = 	"Thompson, Brian
		and Khayrallah, Huda
		and Anastasopoulos, Antonios
		and McCarthy, Arya D.
		and Duh, Kevin
		and Marvin, Rebecca
		and McNamee, Paul
		and Gwinnup, Jeremy
		and Anderson, Tim
		and Koehn, Philipp",
  title = 	"Freezing Subnetworks to Analyze Domain Adaptation in Neural Machine Translation",
  booktitle = 	"Proceedings of the Third Conference on Machine Translation: Research Papers",
  year = 	"2018",
  publisher = 	"Association for Computational Linguistics",
  pages = 	"124--132",
  location = 	"Belgium, Brussels",
  url = 	"http://aclweb.org/anthology/W18-6313"
}

@InProceedings{N18-2080,
  author = 	"Vilar, David",
  title = 	"Learning Hidden Unit Contribution for Adapting Neural Machine Translation      Models    ",
  booktitle = 	"Proceedings of the 2018 Conference of the North American Chapter of the      Association for Computational Linguistics: Human Language Technologies,      Volume 2 (Short Papers)    ",
  year = 	"2018",
  publisher = 	"Association for Computational Linguistics",
  pages = 	"500--505",
  location = 	"New Orleans, Louisiana",
  doi = 	"10.18653/v1/N18-2080",
  url = 	"http://aclweb.org/anthology/N18-2080"
}

@InProceedings{P07-1033,
  author = 	"Daume III, Hal",
  title = 	"Frustratingly Easy Domain Adaptation",
  booktitle = 	"Proceedings of the 45th Annual Meeting of the Association of Computational Linguistics",
  year = 	"2007",
  publisher = 	"Association for Computational Linguistics",
  pages = 	"256--263",
  location = 	"Prague, Czech Republic",
  url = 	"http://aclweb.org/anthology/P07-1033"
}

@InProceedings{R17-1049,
  author = 	"KOBUS, Catherine
		and Crego, Josep
		and Senellart, Jean",
  title = 	"Domain Control for Neural Machine Translation",
  booktitle = 	"Proceedings of the International Conference Recent Advances in Natural Language Processing, RANLP 2017",
  year = 	"2017",
  publisher = 	"INCOMA Ltd.",
  pages = 	"372--378",
  location = 	"Varna, Bulgaria",
  doi = 	"10.26615/978-954-452-049-6_049",
  url = 	"https://doi.org/10.26615/978-954-452-049-6_049"
}

@InProceedings{C16-1170,
  author = 	"Zhang, Jian
		and Li, Liangyou
		and Way, Andy
		and Liu, Qun",
  title = 	"Topic-Informed Neural Machine Translation",
  booktitle = 	"Proceedings of COLING 2016, the 26th International Conference on Computational Linguistics: Technical Papers",
  year = 	"2016",
  publisher = 	"The COLING 2016 Organizing Committee",
  pages = 	"1807--1817",
  location = 	"Osaka, Japan",
  url = 	"http://aclweb.org/anthology/C16-1170"
}

@article{Freitag2016FastDA,
  title={Fast Domain Adaptation for Neural Machine Translation},
  author={Markus Freitag and Yaser Al-Onaizan},
  journal={CoRR},
  year={2016},
  volume={abs/1612.06897}
}

@article{Sajjad2017NeuralMT,
  title={Neural Machine Translation Training in a Multi-Domain Scenario},
  author={Hassan Sajjad and Nadir Durrani and Fahim Dalvi and Yonatan Belinkov and Stephan Vogel},
  journal={CoRR},
  year={2017},
  volume={abs/1708.08712}
}

@InProceedings{D17-1155,
  author = 	"Wang, Rui
		and Utiyama, Masao
		and Liu, Lemao
		and Chen, Kehai
		and Sumita, Eiichiro",
  title = 	"Instance Weighting for Neural Machine Translation Domain Adaptation",
  booktitle = 	"Proceedings of the 2017 Conference on Empirical Methods in Natural      Language Processing    ",
  year = 	"2017",
  publisher = 	"Association for Computational Linguistics",
  pages = 	"1482--1488",
  location = 	"Copenhagen, Denmark",
  doi = 	"10.18653/v1/D17-1155",
  url = 	"http://aclweb.org/anthology/D17-1155"
}

@InProceedings{P18-2050,
  author = 	"Michel, Paul
		and Neubig, Graham",
  title = 	"Extreme Adaptation for Personalized Neural Machine Translation",
  booktitle = 	"Proceedings of the 56th Annual Meeting of the Association for Computational Linguistics (Volume 2: Short Papers)",
  year = 	"2018",
  publisher = 	"Association for Computational Linguistics",
  pages = 	"312--318",
  location = 	"Melbourne, Australia",
  url = 	"http://aclweb.org/anthology/P18-2050"
}

@InProceedings{C18-1111,
  author = 	"Chu, Chenhui
		and Wang, Rui",
  title = 	"A Survey of Domain Adaptation for Neural Machine Translation",
  booktitle = 	"Proceedings of the 27th International Conference on Computational Linguistics",
  year = 	"2018",
  publisher = 	"Association for Computational Linguistics",
  pages = 	"1304--1319",
  location = 	"Santa Fe, New Mexico, USA",
  url = 	"http://aclweb.org/anthology/C18-1111"
}

@InProceedings{P17-2061,
  author = 	"Chu, Chenhui
		and Dabre, Raj
		and Kurohashi, Sadao",
  title = 	"An Empirical Comparison of Domain Adaptation Methods for Neural Machine      Translation    ",
  booktitle = 	"Proceedings of the 55th Annual Meeting of the Association for      Computational Linguistics (Volume 2: Short Papers)    ",
  year = 	"2017",
  publisher = 	"Association for Computational Linguistics",
  pages = 	"385--391",
  location = 	"Vancouver, Canada",
  doi = 	"10.18653/v1/P17-2061",
  url = 	"http://aclweb.org/anthology/P17-2061"
}

@inproceedings{Pei2018MADA,
  author    = {Zhongyi Pei and
               Zhangjie Cao and
               Mingsheng Long and
               Jianmin Wang},
  title     = {Multi-Adversarial Domain Adaptation},
  booktitle = {Proceedings of the Thirty-Second {AAAI} Conference on Artificial Intelligence,
               (AAAI-18), the 30th innovative Applications of Artificial Intelligence
               (IAAI-18), and the 8th {AAAI} Symposium on Educational Advances in
               Artificial Intelligence (EAAI-18), New Orleans, Louisiana, USA, February
               2-7, 2018},
  pages     = {3934--3941},
  year      = {2018},
  crossref  = {DBLP:conf/aaai/2018},
  url       = {https://www.aaai.org/ocs/index.php/AAAI/AAAI18/paper/view/17067},
  timestamp = {Tue, 23 Oct 2018 06:42:15 +0200},
  biburl    = {https://dblp.org/rec/bib/conf/aaai/PeiCLW18},
  bibsource = {dblp computer science bibliography, https://dblp.org}
}

@inproceedings{Konstantinos2016DSN,
 author = {Bousmalis, Konstantinos and Trigeorgis, George and Silberman, Nathan and Krishnan, Dilip and Erhan, Dumitru},
 title = {Domain Separation Networks},
 booktitle = {Proceedings of the 30th International Conference on Neural Information Processing Systems},
 series = {NIPS'16},
 year = {2016},
 isbn = {978-1-5108-3881-9},
 location = {Barcelona, Spain},
 pages = {343--351},
 numpages = {9},
 url = {http://dl.acm.org/citation.cfm?id=3157096.3157135},
 acmid = {3157135},
 publisher = {Curran Associates Inc.},
 address = {USA},
} 

@article{Biao2017CARENMT,
 author = {Zhang, Biao and Xiong, Deyi and Su, Jinsong and Duan, Hong},
 title = {A Context-Aware Recurrent Encoder for Neural Machine Translation},
 journal = {IEEE/ACM Trans. Audio, Speech and Lang. Proc.},
 issue_date = {December 2017},
 volume = {25},
 number = {12},
 month = dec,
 year = {2017},
 issn = {2329-9290},
 pages = {2424--2432},
 numpages = {9},
 url = {https://doi.org/10.1109/TASLP.2017.2751420},
 doi = {10.1109/TASLP.2017.2751420},
 acmid = {3180106},
 publisher = {IEEE Press},
 address = {Piscataway, NJ, USA},
}

@InProceedings{P17-4012,
  author = 	"Klein, Guillaume
		and Kim, Yoon
		and Deng, Yuntian
		and Senellart, Jean
		and Rush, Alexander",
  title = 	"OpenNMT: Open-Source Toolkit for Neural Machine Translation",
  booktitle = 	"Proceedings of ACL 2017, System Demonstrations",
  year = 	"2017",
  publisher = 	"Association for Computational Linguistics",
  pages = 	"67--72",
  location = 	"Vancouver, Canada",
  url = 	"http://aclweb.org/anthology/P17-4012"
}

@incollection{NIPS2017_7181,
title = {Attention is All you Need},
author = {Vaswani, Ashish and Shazeer, Noam and Parmar, Niki and Uszkoreit, Jakob and Jones, Llion and Gomez, Aidan N and Kaiser, \L ukasz and Polosukhin, Illia},
booktitle = {Advances in Neural Information Processing Systems 30},
editor = {I. Guyon and U. V. Luxburg and S. Bengio and H. Wallach and R. Fergus and S. Vishwanathan and R. Garnett},
pages = {5998--6008},
year = {2017},
publisher = {Curran Associates, Inc.},
url = {http://papers.nips.cc/paper/7181-attention-is-all-you-need.pdf}
}



